<?xml version = "1.0" encoding = "UTF-8"?><OAI-PMH xmlns="http://www.openarchives.org/OAI/2.0/" xmlns:xsi="http://www.w3.org/2001/XMLSchema-instance" xsi:schemaLocation="http://www.openarchives.org/OAI/2.0/ http://www.openarchives.org/OAI/2.0/OAI-PMH.xsd"><ListRecords><record><header><identifier>aleph-publish:005547994</identifier></header><metadata><record xmlns="http://www.ddb.de/professionell/mabxml/mabxml-1.xsd"><leader>00000nM2.01200024------h</leader><controlfield tag="LDR">00000nM2.01200024------h</controlfield><controlfield tag="FMT">MH</controlfield><datafield tag="001" ind1="-" ind2="1"><subfield code="a">HT006987933</subfield></datafield><datafield tag="002" ind1="a" ind2="1"><subfield code="a">19991120</subfield></datafield><datafield tag="003" ind1="-" ind2="1"><subfield code="a">20220903092719</subfield></datafield><datafield tag="020" ind1="a" ind2="1"><subfield code="a">626580-7</subfield><subfield code="b">DNB</subfield></datafield><datafield tag="025" ind1="a" ind2="1"><subfield code="a">013623451</subfield></datafield><datafield tag="025" ind1="z" ind2="1"><subfield code="a">626580-7</subfield></datafield><datafield tag="025" ind1="o" ind2="1"><subfield code="a">1001414361</subfield></datafield><datafield tag="026" ind1="-" ind2="1"><subfield code="a">ZDB626580-7</subfield></datafield><controlfield tag="030">a||u|||||||37</controlfield><datafield tag="036" ind1="a" ind2="1"><subfield code="a">XA-ES</subfield></datafield><datafield tag="037" ind1="b" ind2="1"><subfield code="a">spa</subfield></datafield><controlfield tag="050">a|a|||||||||||</controlfield><controlfield tag="052">z||||||aw||||||</controlfield><datafield tag="060" ind1="-" ind2="1"><subfield code="b">txt</subfield><subfield code="a">Text</subfield></datafield><datafield tag="061" ind1="-" ind2="1"><subfield code="b">n</subfield><subfield code="a">ohne Hilfsmittel zu benutzen</subfield></datafield><datafield tag="062" ind1="-" ind2="1"><subfield code="b">nc</subfield><subfield code="a">Band</subfield></datafield><datafield tag="064" ind1="a" ind2="1"><subfield code="a">Zeitung</subfield><subfield code="9">(DE-588)4067510-5</subfield></datafield><datafield tag="070" ind1="-" ind2="1"><subfield code="a">9001</subfield></datafield><datafield tag="070" ind1="a" ind2="1"><subfield code="a">DNB</subfield></datafield><datafield tag="070" ind1="b" ind2="1"><subfield code="a">9999</subfield></datafield><datafield tag="200" ind1="b" ind2="1"><subfield code="k">Acción Católica Española</subfield><subfield code="4">isb</subfield><subfield code="3">Herausgebendes Organ</subfield><subfield code="9">(DE-588)219515-X</subfield></datafield><datafield tag="201" ind1="-" ind2="1"><subfield code="k">Katholische Aktion</subfield></datafield><datafield tag="201" ind1="-" ind2="1"><subfield code="k">Acción Católica Espan̄ola</subfield></datafield><datafield tag="331" ind1="-" ind2="1"><subfield code="a">Ecclesia</subfield></datafield><datafield tag="335" ind1="-" ind2="1"><subfield code="a">órgano de la Dirección Central de la Acción Católica Española</subfield></datafield><datafield tag="405" ind1="-" ind2="1"><subfield code="a">1.1940,Nr. espec.; 1.1941=Nr. 1 -</subfield></datafield><datafield tag="406" ind1="a" ind2="1"><subfield code="d">1</subfield><subfield code="j">1940</subfield></datafield><datafield tag="406" ind1="b" ind2="1"><subfield code="d">1</subfield><subfield code="j">1941</subfield></datafield><datafield tag="419" ind1="-" ind2="1"><subfield code="a">Madrid</subfield><subfield code="c">1940-</subfield><subfield code="A">3</subfield></datafield><datafield tag="425" ind1="b" ind2="1"><subfield code="a">1940</subfield></datafield><datafield tag="523" ind1="-" ind2="1"><subfield code="a">Periodizität: wöchentl.</subfield></datafield><datafield tag="537" ind1="-" ind2="1"><subfield code="a">(üa/Z)</subfield></datafield><datafield tag="542" ind1="a" ind2="1"><subfield code="a">0012-9038</subfield></datafield><datafield tag="676" ind1="-" ind2="1"><subfield code="g">Madrid</subfield><subfield code="4">dbp</subfield><subfield code="3">Vertriebsort</subfield><subfield code="9">(DE-588)4036862-2</subfield></datafield><datafield tag="700" ind1="-" ind2="1"><subfield code="a">070</subfield><subfield code="2">ZDB</subfield></datafield><datafield tag="700" ind1="-" ind2="1"><subfield code="a">230</subfield><subfield code="2">ZDB</subfield></datafield><controlfield tag="SYS">005547994</controlfield><datafield tag="LOW" ind1="-" ind2="1"><subfield code="a">ED001</subfield></datafield><datafield tag="088" ind1=" " ind2=" "><subfield code="a">Kn 28</subfield><subfield code="b">LS</subfield><subfield code="e">Zss.-Verwaltung</subfield></datafield><datafield tag="088" ind1=" " ind2=" "><subfield code="a">Kn 28</subfield><subfield code="b">LS</subfield><subfield code="e">Zss.-Verwaltung</subfield></datafield><datafield tag="088" ind1=" " ind2=" "><subfield code="a">Kn 28</subfield><subfield code="b">LS</subfield><subfield code="e">Zss.-Verwaltung</subfield></datafield><datafield tag="088" ind1=" " ind2=" "><subfield code="a">Kn 28</subfield><subfield code="b">LS</subfield><subfield code="e">Zss.-Verwaltung</subfield></datafield><datafield tag="088" ind1=" " ind2=" "><subfield code="a">Kn 28</subfield><subfield code="b">LS</subfield><subfield code="e">Zss.-Verwaltung</subfield></datafield><datafield tag="088" ind1=" " ind2=" "><subfield code="a">Kn 28</subfield><subfield code="b">LS</subfield><subfield code="e">Zss.-Verwaltung</subfield></datafield><datafield tag="088" ind1=" " ind2=" "><subfield code="a">Kn 28</subfield><subfield code="b">LS</subfield><subfield code="e">Zss.-Verwaltung</subfield></datafield><datafield tag="088" ind1=" " ind2=" "><subfield code="a">Kn 28</subfield><subfield code="b">LS</subfield><subfield code="e">Zss.-Verwaltung</subfield></datafield><datafield tag="088" ind1=" " ind2=" "><subfield code="a">Kn 28</subfield><subfield code="b">LS</subfield><subfield code="e">Zss.-Verwaltung</subfield></datafield><datafield tag="088" ind1=" " ind2=" "><subfield code="a">Kn 28</subfield><subfield code="b">LS</subfield><subfield code="e">Zss.-Verwaltung</subfield></datafield><datafield tag="088" ind1=" " ind2=" "><subfield code="a">Kn 28</subfield><subfield code="b">LS</subfield><subfield code="e">Zss.-Verwaltung</subfield></datafield><datafield tag="088" ind1=" " ind2=" "><subfield code="a">Kn 28</subfield><subfield code="b">LS</subfield><subfield code="e">Zss.-Verwaltung</subfield></datafield><datafield tag="088" ind1=" " ind2=" "><subfield code="a">Kn 28</subfield><subfield code="b">LS</subfield><subfield code="e">Zss.-Verwaltung</subfield></datafield><datafield tag="088" ind1=" " ind2=" "><subfield code="a">Kn 28</subfield><subfield code="b">LS</subfield><subfield code="e">Zss.-Verwaltung</subfield></datafield><datafield tag="088" ind1=" " ind2=" "><subfield code="a">Kn 28</subfield><subfield code="b">LS</subfield><subfield code="e">Zss.-Verwaltung</subfield></datafield><datafield tag="088" ind1=" " ind2=" "><subfield code="a">Kn 28</subfield><subfield code="b">LS</subfield><subfield code="e">Zss.-Verwaltung</subfield></datafield><datafield tag="088" ind1=" " ind2=" "><subfield code="a">Kn 28</subfield><subfield code="b">LS</subfield><subfield code="e">Zss.-Verwaltung</subfield></datafield><datafield tag="088" ind1=" " ind2=" "><subfield code="a">Kn 28</subfield><subfield code="b">LS</subfield><subfield code="e">Zss.-Verwaltung</subfield></datafield><datafield tag="088" ind1=" " ind2=" "><subfield code="a">Kn 28</subfield><subfield code="b">LS</subfield><subfield code="e">Zss.-Verwaltung</subfield></datafield><datafield tag="088" ind1=" " ind2=" "><subfield code="a">Kn 28</subfield><subfield code="b">LS</subfield><subfield code="e">Zss.-Verwaltung</subfield></datafield><datafield tag="088" ind1=" " ind2=" "><subfield code="a">Kn 28</subfield><subfield code="b">LS</subfield><subfield code="e">Zss.-Verwaltung</subfield></datafield><datafield tag="088" ind1=" " ind2=" "><subfield code="a">Kn 28</subfield><subfield code="b">LS</subfield><subfield code="e">Zss.-Verwaltung</subfield></datafield><datafield tag="088" ind1=" " ind2=" "><subfield code="a">Kn 28</subfield><subfield code="b">LS</subfield><subfield code="e">Zss.-Verwaltung</subfield></datafield><datafield tag="088" ind1=" " ind2=" "><subfield code="a">Kn 28</subfield><subfield code="b">LS</subfield><subfield code="e">Zss.-Verwaltung</subfield></datafield><datafield tag="088" ind1=" " ind2=" "><subfield code="a">Kn 28</subfield><subfield code="b">LS</subfield><subfield code="e">Zss.-Verwaltung</subfield></datafield><datafield tag="088" ind1=" " ind2=" "><subfield code="a">Kn 28</subfield><subfield code="b">LS</subfield><subfield code="e">Zss.-Verwaltung</subfield></datafield><datafield tag="088" ind1=" " ind2=" "><subfield code="a">Kn 28</subfield><subfield code="b">LS</subfield><subfield code="e">Zss.-Verwaltung</subfield></datafield><datafield tag="088" ind1=" " ind2=" "><subfield code="a">Kn 28</subfield><subfield code="b">LS</subfield><subfield code="e">Zss.-Verwaltung</subfield></datafield><datafield tag="088" ind1=" " ind2=" "><subfield code="a">Kn 28</subfield><subfield code="b">LS</subfield><subfield code="e">Zss.-Verwaltung</subfield></datafield><datafield tag="088" ind1=" " ind2=" "><subfield code="a">Kn 28</subfield><subfield code="b">LS</subfield><subfield code="e">Zss.-Verwaltung</subfield></datafield><datafield tag="088" ind1=" " ind2=" "><subfield code="a">Kn 28</subfield><subfield code="b">LS</subfield><subfield code="e">Zss.-Verwaltung</subfield></datafield><datafield tag="088" ind1=" " ind2=" "><subfield code="a">Kn 28</subfield><subfield code="b">LS</subfield><subfield code="e">Zss.-Verwaltung</subfield></datafield><datafield tag="088" ind1=" " ind2=" "><subfield code="a">Kn 28</subfield><subfield code="b">LS</subfield><subfield code="e">Zss.-Verwaltung</subfield></datafield><datafield tag="088" ind1=" " ind2=" "><subfield code="a">Kn 28</subfield><subfield code="b">LS</subfield><subfield code="e">Zss.-Verwaltung</subfield></datafield><datafield tag="088" ind1=" " ind2=" "><subfield code="a">Kn 28</subfield><subfield code="b">LS</subfield><subfield code="e">Zss.-Verwaltung</subfield></datafield><datafield tag="088" ind1=" " ind2=" "><subfield code="a">Kn 28</subfield><subfield code="b">LS</subfield><subfield code="e">Zss.-Verwaltung</subfield></datafield><datafield tag="088" ind1=" " ind2=" "><subfield code="a">Kn 28</subfield><subfield code="b">LS</subfield><subfield code="e">Zss.-Verwaltung</subfield></datafield><datafield tag="088" ind1=" " ind2=" "><subfield code="a">Kn 28</subfield><subfield code="b">LS</subfield><subfield code="e">Zss.-Verwaltung</subfield></datafield><datafield tag="088" ind1=" " ind2=" "><subfield code="a">Kn 28</subfield><subfield code="b">LS</subfield><subfield code="e">Zss.-Verwaltung</subfield></datafield><datafield tag="088" ind1=" " ind2=" "><subfield code="a">Kn 28</subfield><subfield code="b">LS</subfield><subfield code="e">Zss.-Verwaltung</subfield></datafield><datafield tag="088" ind1=" " ind2=" "><subfield code="a">Kn 28</subfield><subfield code="b">LS</subfield><subfield code="e">Zss.-Verwaltung</subfield></datafield><datafield tag="088" ind1=" " ind2=" "><subfield code="a">Kn 28</subfield><subfield code="b">LS</subfield><subfield code="e">Zss.-Verwaltung</subfield></datafield><datafield tag="088" ind1=" " ind2=" "><subfield code="a">Kn 28</subfield><subfield code="b">LS</subfield><subfield code="e">Zss.-Verwaltung</subfield></datafield><datafield tag="088" ind1=" " ind2=" "><subfield code="a">Kn 28</subfield><subfield code="b">LS</subfield><subfield code="e">Zss.-Verwaltung</subfield></datafield><datafield tag="088" ind1=" " ind2=" "><subfield code="a">Kn 28</subfield><subfield code="b">LS</subfield><subfield code="e">Zss.-Verwaltung</subfield></datafield><datafield tag="088" ind1=" " ind2=" "><subfield code="a">Kn 28</subfield><subfield code="b">LS</subfield><subfield code="e">Zss.-Verwaltung</subfield></datafield><datafield tag="088" ind1=" " ind2=" "><subfield code="a">Kn 28</subfield><subfield code="b">LS</subfield><subfield code="e">Zss.-Verwaltung</subfield></datafield><datafield tag="088" ind1=" " ind2=" "><subfield code="a">Kn 28</subfield><subfield code="b">LS</subfield><subfield code="e">Zss.-Verwaltung</subfield></datafield><datafield tag="088" ind1=" " ind2=" "><subfield code="a">Kn 28</subfield><subfield code="b">LS</subfield><subfield code="e">Zss.-Verwaltung</subfield></datafield><datafield tag="088" ind1=" " ind2=" "><subfield code="a">Kn 28</subfield><subfield code="b">LS</subfield><subfield code="e">Zss.-Verwaltung</subfield></datafield><datafield tag="088" ind1=" " ind2=" "><subfield code="a">Kn 28</subfield><subfield code="b">LS</subfield><subfield code="e">Zss.-Verwaltung</subfield></datafield><datafield tag="088" ind1=" " ind2=" "><subfield code="a">Kn 28</subfield><subfield code="b">LS</subfield><subfield code="e">Zss.-Verwaltung</subfield></datafield><datafield tag="088" ind1=" " ind2=" "><subfield code="a">Kn 28</subfield><subfield code="b">LS</subfield><subfield code="e">Zss.-Verwaltung</subfield></datafield><datafield tag="088" ind1=" " ind2=" "><subfield code="a">Kn 28</subfield><subfield code="b">LS</subfield><subfield code="e">Zss.-Verwaltung</subfield></datafield><datafield tag="088" ind1=" " ind2=" "><subfield code="a">Kn 28</subfield><subfield code="b">LS</subfield><subfield code="e">Zss.-Verwaltung</subfield></datafield><datafield tag="088" ind1=" " ind2=" "><subfield code="a">Kn 28</subfield><subfield code="b">LS</subfield><subfield code="e">Zss.-Verwaltung</subfield></datafield><datafield tag="088" ind1=" " ind2=" "><subfield code="a">Kn 28</subfield><subfield code="b">LS</subfield><subfield code="e">Zss.-Verwaltung</subfield></datafield><datafield tag="088" ind1=" " ind2=" "><subfield code="a">Kn 28</subfield><subfield code="b">LS</subfield><subfield code="e">Zss.-Verwaltung</subfield></datafield><datafield tag="088" ind1=" " ind2=" "><subfield code="a">Kn 28</subfield><subfield code="b">LS</subfield><subfield code="e">Zss.-Verwaltung</subfield></datafield><datafield tag="088" ind1=" " ind2=" "><subfield code="a">Kn 28</subfield><subfield code="b">LS</subfield><subfield code="e">Zss.-Verwaltung</subfield></datafield><datafield tag="088" ind1=" " ind2=" "><subfield code="a">Kn 28</subfield><subfield code="b">LS</subfield><subfield code="e">Zss.-Verwaltung</subfield></datafield><datafield tag="088" ind1=" " ind2=" "><subfield code="a">Kn 28</subfield><subfield code="b">LS</subfield><subfield code="e">Zss.-Verwaltung</subfield></datafield><datafield tag="088" ind1=" " ind2=" "><subfield code="a">Kn 28</subfield><subfield code="b">LS</subfield><subfield code="e">Zss.-Verwaltung</subfield></datafield><datafield tag="088" ind1=" " ind2=" "><subfield code="a">Kn 28</subfield><subfield code="b">LS</subfield><subfield code="e">Zss.-Verwaltung</subfield></datafield><datafield tag="088" ind1=" " ind2=" "><subfield code="a">Kn 28</subfield><subfield code="b">LS</subfield><subfield code="e">Zss.-Verwaltung</subfield></datafield><datafield tag="088" ind1=" " ind2=" "><subfield code="a">Kn 28</subfield><subfield code="b">LS</subfield><subfield code="e">Zss.-Verwaltung</subfield></datafield><datafield tag="088" ind1=" " ind2=" "><subfield code="a">Kn 28</subfield><subfield code="b">LS</subfield><subfield code="e">Zss.-Verwaltung</subfield></datafield><datafield tag="088" ind1=" " ind2=" "><subfield code="a">Kn 28</subfield><subfield code="b">LS</subfield><subfield code="e">Zss.-Verwaltung</subfield></datafield><datafield tag="088" ind1=" " ind2=" "><subfield code="a">Kn 28</subfield><subfield code="b">LS</subfield><subfield code="e">Zss.-Verwaltung</subfield></datafield><datafield tag="088" ind1=" " ind2=" "><subfield code="a">Kn 28</subfield><subfield code="b">LS</subfield><subfield code="e">Zss.-Verwaltung</subfield></datafield><datafield tag="088" ind1=" " ind2=" "><subfield code="a">Kn 28</subfield><subfield code="b">LS</subfield><subfield code="e">Zss.-Verwaltung</subfield></datafield><datafield tag="088" ind1=" " ind2=" "><subfield code="a">Kn 28</subfield><subfield code="b">LS</subfield><subfield code="e">Zss.-Verwaltung</subfield></datafield><datafield tag="088" ind1=" " ind2=" "><subfield code="a">Kn 28</subfield><subfield code="b">LS</subfield><subfield code="e">Zss.-Verwaltung</subfield></datafield><datafield tag="088" ind1=" " ind2=" "><subfield code="a">Kn 28</subfield><subfield code="b">LS</subfield><subfield code="e">Zss.-Verwaltung</subfield></datafield><datafield tag="088" ind1=" " ind2=" "><subfield code="a">Kn 28</subfield><subfield code="b">LS</subfield><subfield code="e">Zss.-Verwaltung</subfield></datafield><datafield tag="088" ind1=" " ind2=" "><subfield code="a">Kn 28</subfield><subfield code="b">LS</subfield><subfield code="e">Zss.-Verwaltung</subfield></datafield><datafield tag="088" ind1=" " ind2=" "><subfield code="a">Kn 28</subfield><subfield code="b">LS</subfield><subfield code="e">Zss.-Verwaltung</subfield></datafield><datafield tag="088" ind1=" " ind2=" "><subfield code="a">Kn 28</subfield><subfield code="b">LS</subfield><subfield code="e">Zss.-Verwaltung</subfield></datafield><datafield tag="088" ind1=" " ind2=" "><subfield code="a">Kn 28</subfield><subfield code="b">LS</subfield><subfield code="e">Zss.-Verwaltung</subfield></datafield><datafield tag="088" ind1=" " ind2=" "><subfield code="a">Kn 28</subfield><subfield code="b">LS</subfield><subfield code="e">Zss.-Verwaltung</subfield></datafield><datafield tag="088" ind1=" " ind2=" "><subfield code="a">Kn 28</subfield><subfield code="b">LS</subfield><subfield code="e">Zss.-Verwaltung</subfield></datafield><datafield tag="088" ind1=" " ind2=" "><subfield code="a">Kn 28</subfield><subfield code="b">LS</subfield><subfield code="e">Zss.-Verwaltung</subfield></datafield><datafield tag="088" ind1=" " ind2=" "><subfield code="a">Kn 28</subfield><subfield code="b">LS</subfield><subfield code="e">Zss.-Verwaltung</subfield></datafield><datafield tag="088" ind1=" " ind2=" "><subfield code="a">Kn 28</subfield><subfield code="b">LS</subfield><subfield code="e">Zss.-Verwaltung</subfield></datafield><datafield tag="088" ind1=" " ind2=" "><subfield code="a">Kn 28</subfield><subfield code="b">LS</subfield><subfield code="e">Zss.-Verwaltung</subfield></datafield><datafield tag="088" ind1=" " ind2=" "><subfield code="a">Kn 28</subfield><subfield code="b">LS</subfield><subfield code="e">Zss.-Verwaltung</subfield></datafield><datafield tag="088" ind1=" " ind2=" "><subfield code="a">Kn 28</subfield><subfield code="b">LS</subfield><subfield code="e">Zss.-Verwaltung</subfield></datafield><datafield tag="088" ind1=" " ind2=" "><subfield code="a">Kn 28</subfield><subfield code="b">LS</subfield><subfield code="e">Zss.-Verwaltung</subfield></datafield><datafield tag="088" ind1=" " ind2=" "><subfield code="a">Kn 28</subfield><subfield code="b">LS</subfield><subfield code="e">Zss.-Verwaltung</subfield></datafield><datafield tag="088" ind1=" " ind2=" "><subfield code="a">Kn 28</subfield><subfield code="b">LS</subfield><subfield code="e">Zss.-Verwaltung</subfield></datafield><datafield tag="088" ind1=" " ind2=" "><subfield code="a">Kn 28</subfield><subfield code="b">LS</subfield><subfield code="c">5 A</subfield><subfield code="e">Präsenzbestand</subfield></datafield><datafield tag="088" ind1=" " ind2=" "><subfield code="a">Kn 28</subfield><subfield code="b">LS</subfield><subfield code="e">Zss.-Verwaltung</subfield></datafield><datafield tag="088" ind1=" " ind2=" "><subfield code="a">Kn 28</subfield><subfield code="b">LS</subfield><subfield code="e">Zss.-Verwaltung</subfield></datafield><datafield tag="088" ind1=" " ind2=" "><subfield code="a">Kn 28</subfield><subfield code="b">LS</subfield><subfield code="e">Zss.-Verwaltung</subfield></datafield><datafield tag="088" ind1=" " ind2=" "><subfield code="a">Kn 28</subfield><subfield code="b">LS</subfield><subfield code="e">Zss.-Verwaltung</subfield></datafield><datafield tag="088" ind1=" " ind2=" "><subfield code="a">Kn 28</subfield><subfield code="b">LS</subfield><subfield code="e">Zss.-Verwaltung</subfield></datafield><datafield tag="088" ind1=" " ind2=" "><subfield code="a">Kn 28</subfield><subfield code="b">LS</subfield><subfield code="e">Zss.-Verwaltung</subfield></datafield><datafield tag="088" ind1=" " ind2=" "><subfield code="a">Kn 28</subfield><subfield code="b">LS</subfield><subfield code="e">Zss.-Verwaltung</subfield></datafield><datafield tag="088" ind1=" " ind2=" "><subfield code="a">Kn 28</subfield><subfield code="b">LS</subfield><subfield code="e">Zss.-Verwaltung</subfield></datafield><datafield tag="088" ind1=" " ind2=" "><subfield code="a">Kn 28</subfield><subfield code="b">LS</subfield><subfield code="e">Zss.-Verwaltung</subfield></datafield><datafield tag="088" ind1=" " ind2=" "><subfield code="a">Kn 28</subfield><subfield code="b">LS</subfield><subfield code="e">Zss.-Verwaltung</subfield></datafield><datafield tag="088" ind1=" " ind2=" "><subfield code="a">Kn 28</subfield><subfield code="b">LS</subfield><subfield code="e">Zss.-Verwaltung</subfield></datafield><datafield tag="088" ind1=" " ind2=" "><subfield code="a">Kn 28</subfield><subfield code="b">LS</subfield><subfield code="e">Zss.-Verwaltung</subfield></datafield><datafield tag="088" ind1=" " ind2=" "><subfield code="a">Kn 28</subfield><subfield code="b">LS</subfield><subfield code="e">Zss.-Verwaltung</subfield></datafield><datafield tag="088" ind1=" " ind2=" "><subfield code="a">Kn 28</subfield><subfield code="b">LS</subfield><subfield code="e">Zss.-Verwaltung</subfield></datafield><datafield tag="088" ind1=" " ind2=" "><subfield code="a">Kn 28</subfield><subfield code="b">LS</subfield><subfield code="e">Zss.-Verwaltung</subfield></datafield><datafield tag="088" ind1=" " ind2=" "><subfield code="a">Kn 28</subfield><subfield code="b">LS</subfield><subfield code="e">Zss.-Verwaltung</subfield></datafield><datafield tag="088" ind1=" " ind2=" "><subfield code="a">Kn 28</subfield><subfield code="b">LS</subfield><subfield code="e">Zss.-Verwaltung</subfield></datafield><datafield tag="088" ind1=" " ind2=" "><subfield code="a">Kn 28</subfield><subfield code="b">LS</subfield><subfield code="e">Zss.-Verwaltung</subfield></datafield><datafield tag="088" ind1=" " ind2=" "><subfield code="a">Kn 28</subfield><subfield code="b">LS</subfield><subfield code="e">Zss.-Verwaltung</subfield></datafield><datafield tag="088" ind1=" " ind2=" "><subfield code="a">Kn 28</subfield><subfield code="b">LS</subfield><subfield code="e">Zss.-Verwaltung</subfield></datafield><datafield tag="088" ind1=" " ind2=" "><subfield code="a">Kn 28</subfield><subfield code="b">LS</subfield><subfield code="e">Zss.-Verwaltung</subfield></datafield><datafield tag="088" ind1=" " ind2=" "><subfield code="a">Kn 28</subfield><subfield code="b">LS</subfield><subfield code="e">Zss.-Verwaltung</subfield></datafield><datafield tag="088" ind1=" " ind2=" "><subfield code="a">Kn 28</subfield><subfield code="b">LS</subfield><subfield code="e">Zss.-Verwaltung</subfield></datafield><datafield tag="088" ind1=" " ind2=" "><subfield code="a">Kn 28</subfield><subfield code="b">LS</subfield><subfield code="e">Zss.-Verwaltung</subfield></datafield><datafield tag="088" ind1=" " ind2=" "><subfield code="a">Kn 28</subfield><subfield code="b">LS</subfield><subfield code="e">Zss.-Verwaltung</subfield></datafield><datafield tag="088" ind1=" " ind2=" "><subfield code="a">Kn 28</subfield><subfield code="b">LS</subfield><subfield code="e">Zss.-Verwaltung</subfield></datafield><datafield tag="088" ind1=" " ind2=" "><subfield code="a">Kn 28</subfield><subfield code="b">LS</subfield><subfield code="e">Zss.-Verwaltung</subfield></datafield><datafield tag="088" ind1=" " ind2=" "><subfield code="a">Kn 28</subfield><subfield code="b">LS</subfield><subfield code="e">Zss.-Verwaltung</subfield></datafield><datafield tag="088" ind1=" " ind2=" "><subfield code="a">Kn 28</subfield><subfield code="b">LS</subfield><subfield code="e">Zss.-Verwaltung</subfield></datafield><datafield tag="088" ind1=" " ind2=" "><subfield code="a">Kn 28</subfield><subfield code="b">LS</subfield><subfield code="e">Zss.-Verwaltung</subfield></datafield><datafield tag="088" ind1=" " ind2=" "><subfield code="a">Kn 28</subfield><subfield code="b">LS</subfield><subfield code="e">Zss.-Verwaltung</subfield></datafield><datafield tag="088" ind1=" " ind2=" "><subfield code="a">Kn 28</subfield><subfield code="b">LS</subfield><subfield code="e">Zss.-Verwaltung</subfield></datafield><datafield tag="088" ind1=" " ind2=" "><subfield code="a">Kn 28</subfield><subfield code="b">LS</subfield><subfield code="e">Zss.-Verwaltung</subfield></datafield><datafield tag="088" ind1=" " ind2=" "><subfield code="a">Kn 28</subfield><subfield code="b">LS</subfield><subfield code="e">Zss.-Verwaltung</subfield></datafield><datafield tag="088" ind1=" " ind2=" "><subfield code="a">Kn 28</subfield><subfield code="b">LS</subfield><subfield code="e">Zss.-Verwaltung</subfield></datafield><datafield tag="088" ind1=" " ind2=" "><subfield code="a">Kn 28</subfield><subfield code="b">LS</subfield><subfield code="e">Zss.-Verwaltung</subfield></datafield><datafield tag="088" ind1=" " ind2=" "><subfield code="a">Kn 28</subfield><subfield code="b">LS</subfield><subfield code="e">Zss.-Verwaltung</subfield></datafield><datafield tag="088" ind1=" " ind2=" "><subfield code="a">Kn 28</subfield><subfield code="b">LS</subfield><subfield code="e">Zss.-Verwaltung</subfield></datafield><datafield tag="088" ind1=" " ind2=" "><subfield code="a">Kn 28</subfield><subfield code="b">LS</subfield><subfield code="e">Zss.-Verwaltung</subfield></datafield><datafield tag="088" ind1=" " ind2=" "><subfield code="a">Kn 28</subfield><subfield code="b">LS</subfield><subfield code="e">Zss.-Verwaltung</subfield></datafield><datafield tag="088" ind1=" " ind2=" "><subfield code="a">Kn 28</subfield><subfield code="b">LS</subfield><subfield code="e">Zss.-Verwaltung</subfield></datafield><datafield tag="088" ind1=" " ind2=" "><subfield code="a">Kn 28</subfield><subfield code="b">LS</subfield><subfield code="e">Zss.-Verwaltung</subfield></datafield><datafield tag="088" ind1=" " ind2=" "><subfield code="a">Kn 28</subfield><subfield code="b">LS</subfield><subfield code="e">Zss.-Verwaltung</subfield></datafield><datafield tag="088" ind1=" " ind2=" "><subfield code="a">Kn 28</subfield><subfield code="b">LS</subfield><subfield code="e">Zss.-Verwaltung</subfield></datafield><datafield tag="088" ind1=" " ind2=" "><subfield code="a">Kn 28</subfield><subfield code="b">LS</subfield><subfield code="e">Zss.-Verwaltung</subfield></datafield><datafield tag="088" ind1=" " ind2=" "><subfield code="a">Kn 28</subfield><subfield code="b">LS</subfield><subfield code="e">Zss.-Verwaltung</subfield></datafield><datafield tag="088" ind1=" " ind2=" "><subfield code="a">Kn 28</subfield><subfield code="b">LS</subfield><subfield code="e">Zss.-Verwaltung</subfield></datafield><datafield tag="088" ind1=" " ind2=" "><subfield code="a">Kn 28</subfield><subfield code="b">LS</subfield><subfield code="e">Zss.-Verwaltung</subfield></datafield><datafield tag="088" ind1=" " ind2=" "><subfield code="a">Kn 28</subfield><subfield code="b">LS</subfield><subfield code="e">Zss.-Verwaltung</subfield></datafield><datafield tag="088" ind1=" " ind2=" "><subfield code="a">Kn 28</subfield><subfield code="b">LS</subfield><subfield code="e">Zss.-Verwaltung</subfield></datafield><datafield tag="088" ind1=" " ind2=" "><subfield code="a">Kn 28</subfield><subfield code="b">LS</subfield><subfield code="e">Zss.-Verwaltung</subfield></datafield><datafield tag="088" ind1=" " ind2=" "><subfield code="a">Kn 28</subfield><subfield code="b">LS</subfield><subfield code="e">Zss.-Verwaltung</subfield></datafield><datafield tag="088" ind1=" " ind2=" "><subfield code="a">Kn 28</subfield><subfield code="b">LS</subfield><subfield code="e">Zss.-Verwaltung</subfield></datafield><datafield tag="088" ind1=" " ind2=" "><subfield code="a">Kn 28</subfield><subfield code="b">LS</subfield><subfield code="e">Zss.-Verwaltung</subfield></datafield><datafield tag="088" ind1=" " ind2=" "><subfield code="a">Kn 28</subfield><subfield code="b">LS</subfield><subfield code="e">Zss.-Verwaltung</subfield></datafield><datafield tag="088" ind1=" " ind2=" "><subfield code="a">Kn 28</subfield><subfield code="b">LS</subfield><subfield code="e">Zss.-Verwaltung</subfield></datafield><datafield tag="088" ind1=" " ind2=" "><subfield code="a">Kn 28</subfield><subfield code="b">LS</subfield><subfield code="e">Zss.-Verwaltung</subfield></datafield><datafield tag="088" ind1=" " ind2=" "><subfield code="a">Kn 28</subfield><subfield code="b">LS</subfield><subfield code="e">Zss.-Verwaltung</subfield></datafield><datafield tag="088" ind1=" " ind2=" "><subfield code="a">Kn 28</subfield><subfield code="b">LS</subfield><subfield code="e">Zss.-Verwaltung</subfield></datafield><datafield tag="088" ind1=" " ind2=" "><subfield code="a">Kn 28</subfield><subfield code="b">LS</subfield><subfield code="e">Zss.-Verwaltung</subfield></datafield><datafield tag="088" ind1=" " ind2=" "><subfield code="a">Kn 28</subfield><subfield code="b">LS</subfield><subfield code="e">Zss.-Verwaltung</subfield></datafield><datafield tag="088" ind1=" " ind2=" "><subfield code="a">Kn 28</subfield><subfield code="b">LS</subfield><subfield code="e">Zss.-Verwaltung</subfield></datafield><datafield tag="088" ind1=" " ind2=" "><subfield code="a">Kn 28</subfield><subfield code="b">LS</subfield><subfield code="e">Zss.-Verwaltung</subfield></datafield><datafield tag="088" ind1=" " ind2=" "><subfield code="a">Kn 28</subfield><subfield code="b">LS</subfield><subfield code="e">Zss.-Verwaltung</subfield></datafield><datafield tag="088" ind1=" " ind2=" "><subfield code="a">Kn 28</subfield><subfield code="b">LS</subfield><subfield code="e">Zss.-Verwaltung</subfield></datafield><datafield tag="088" ind1=" " ind2=" "><subfield code="a">Kn 28</subfield><subfield code="b">LS</subfield><subfield code="e">Zss.-Verwaltung</subfield></datafield><datafield tag="088" ind1=" " ind2=" "><subfield code="a">Kn 28</subfield><subfield code="b">LS</subfield><subfield code="e">Zss.-Verwaltung</subfield></datafield><datafield tag="088" ind1=" " ind2=" "><subfield code="a">Kn 28</subfield><subfield code="b">LS</subfield><subfield code="e">Zss.-Verwaltung</subfield></datafield><datafield tag="088" ind1=" " ind2=" "><subfield code="a">Kn 28</subfield><subfield code="b">LS</subfield><subfield code="e">Zss.-Verwaltung</subfield></datafield><datafield tag="088" ind1=" " ind2=" "><subfield code="a">Kn 28</subfield><subfield code="b">LS</subfield><subfield code="e">Zss.-Verwaltung</subfield></datafield><datafield tag="088" ind1=" " ind2=" "><subfield code="a">Kn 28</subfield><subfield code="b">LS</subfield><subfield code="e">Zss.-Verwaltung</subfield></datafield><datafield tag="088" ind1=" " ind2=" "><subfield code="a">Kn 28</subfield><subfield code="b">LS</subfield><subfield code="e">Zss.-Verwaltung</subfield></datafield><datafield tag="088" ind1=" " ind2=" "><subfield code="a">Kn 28</subfield><subfield code="b">LS</subfield><subfield code="e">Zss.-Verwaltung</subfield></datafield><datafield tag="088" ind1=" " ind2=" "><subfield code="a">Kn 28</subfield><subfield code="b">LS</subfield><subfield code="e">Zss.-Verwaltung</subfield></datafield><datafield tag="088" ind1=" " ind2=" "><subfield code="a">Kn 28</subfield><subfield code="b">LS</subfield><subfield code="e">Zss.-Verwaltung</subfield></datafield><datafield tag="088" ind1=" " ind2=" "><subfield code="a">Kn 28</subfield><subfield code="b">LS</subfield><subfield code="e">Zss.-Verwaltung</subfield></datafield><datafield tag="088" ind1=" " ind2=" "><subfield code="a">Kn 28</subfield><subfield code="b">LS</subfield><subfield code="e">Zss.-Verwaltung</subfield></datafield><datafield tag="088" ind1=" " ind2=" "><subfield code="a">Kn 28</subfield><subfield code="b">LS</subfield><subfield code="e">Zss.-Verwaltung</subfield></datafield><datafield tag="088" ind1=" " ind2=" "><subfield code="a">Kn 28</subfield><subfield code="b">LS</subfield><subfield code="e">Zss.-Verwaltung</subfield></datafield><datafield tag="088" ind1=" " ind2=" "><subfield code="a">Kn 28</subfield><subfield code="b">LS</subfield><subfield code="e">Zss.-Verwaltung</subfield></datafield><datafield tag="088" ind1=" " ind2=" "><subfield code="a">Kn 28</subfield><subfield code="b">LS</subfield><subfield code="e">Zss.-Verwaltung</subfield></datafield><datafield tag="088" ind1=" " ind2=" "><subfield code="a">Kn 28</subfield><subfield code="b">LS</subfield><subfield code="e">Zss.-Verwaltung</subfield></datafield><datafield tag="088" ind1=" " ind2=" "><subfield code="a">Kn 28</subfield><subfield code="b">LS</subfield><subfield code="e">Zss.-Verwaltung</subfield></datafield><datafield tag="088" ind1=" " ind2=" "><subfield code="a">Kn 28</subfield><subfield code="b">MAG</subfield><subfield code="c">Zd 0159</subfield><subfield code="e">Grundsignatur</subfield></datafield><datafield tag="088" ind1=" " ind2=" "><subfield code="a">Kn 28</subfield><subfield code="b">MAG</subfield><subfield code="c">CDR 0638 (2005,Juli/2009,Juni)</subfield><subfield code="e">Normalausleihe</subfield></datafield><datafield tag="088" ind1=" " ind2=" "><subfield code="a">Kn 28</subfield><subfield code="b">LS:</subfield><subfield code="c">Zd 159</subfield><subfield code="d">1.1940/41 -</subfield></datafield><datafield tag="200" ind1=" " ind2="9"><subfield code="0">1</subfield><subfield code="b">1.1940/41 -</subfield><subfield code="f">Zd 159</subfield><subfield code="g">LS:</subfield><subfield code="h">5 C</subfield><subfield code="2">ED001</subfield></datafield></record></metadata></record></ListRecords></OAI-PMH>